@article{schewFiniteElements,
  title={What is a good linear finite element? interpolation, conditioning, anisotropy, and quality measures (preprint)},
  author={Shewchuk, J},
  journal={University of California at Berkeley},
  volume={73},
  year={2002}
}

@inproceedings{schewCDTExistence,
  title={A condition guaranteeing the existence of higher-dimensional constrained Delaunay triangulations},
  author={Shewchuk, Jonathan Richard},
  booktitle={Proceedings of the fourteenth annual symposium on Computational geometry},
  pages={76--85},
  year={1998},
  organization={ACM}
}

@incollection{hangSiMeshingPLCByCDT,
year={2005},
isbn={978-3-540-25137-8},
booktitle={Proceedings of the 14th International Meshing Roundtable},
editor={Hanks, ByronW.},
doi={10.1007/3-540-29090-7_9},
title={Meshing Piecewise Linear Complexes by Constrained Delaunay Tetrahedralizations},
url={http://dx.doi.org/10.1007/3-540-29090-7_9},
publisher={Springer Berlin Heidelberg},
author={Si, Hang and GÃ¤rtner, Klaus},
pages={147-163},
language={English}
}
